
@article{Tomczak2015,
	title = {Review The Cancer Genome Atlas (TCGA): an immeasurable source of knowledge},
	author = {{Tomczak}, {Katarzyna} and {Czerwi{\'{n}}ska}, {Patrycja} and {Wiznerowicz}, {Maciej}},
	year = {2015},
	date = {2015},
	journal = {Wspó{\l}czesna Onkologia},
	pages = {68--77},
	volume = {1A},
	doi = {10.5114/wo.2014.47136},
	url = {http://dx.doi.org/10.5114/wo.2014.47136}
}

@article{charrad2014,
	title = {NbClust: AnRPackage for Determining the Relevant Number of Clusters in a Data Set},
	author = {{Charrad}, {Malika} and {Ghazzali}, {Nadia} and {Boiteau}, {Véronique} and {Niknafs}, {Azam}},
	year = {2014},
	date = {2014},
	journal = {Journal of Statistical Software},
	volume = {61},
	number = {6},
	doi = {10.18637/jss.v061.i06},
	url = {http://dx.doi.org/10.18637/jss.v061.i06},
	langid = {en}
}
